@article{bitcoin,
 title={Bitcoin: A peer-to-peer electronic cash system.},
 author={Satoshi Nakamoto},
 year={Agosto 2008},
 note= {\textsc{URL:} \url{https://bitcoin.org/bitcoin.pdf}}
 }
 
 @article{ethereum,
 title={A Next-Generation Smart Contract and Decentralized Application Platform},
 author={Vitalik Buterin and others},
 year={2014},
 note= {\textsc{URL:} \url{https://ethereum.org/en/whitepaper/}}
 }
 
 @article{bitcoin_definizione,
   author={Bitcoin Definition from Wikipedia},
 note= {\textsc{URL:} \url{https://it.wikipedia.org/wiki/Bitcoin}}
 }
 
 @article{uniswap,
   author={Uniswap Protocol},
 note= {\textsc{URL:} \url{https://uniswap.org/}}
 }
 
 
  @article{eth_rpc,
  author={Ethereum JSON-RPC Specification: a specification of the standard interface for Ethereum clients.},
 note= {\textsc{URL:} \url{https://playground.open-rpc.org/}}
 }
 
  @article{atmt,
  author={Gerardo Iovane: “Atmosphere Arc The first Constellation into
the Blockchain”},
 note= {\textsc{URL:} \url{https://www.atmospherearc.com/atmospherearc.pdf}}
 }
 
 , Agosto 2019. URL:
  
  @article{react_useState,
  author={React useState Hook from Docs},
 note= {\textsc{URL:} \url{https://reactjs.org/docs/hooks-state.html}}
 }
 @article{CoinGecko,
  author={CoinGecko API Documentation},
 note= {\textsc{URL:} \url{https://www.coingecko.com/en/api/documentation}}
 }
 
 @article{uniswap_docs,
  author={Uniswap Docs from Uniswap Protocol},
 note= {\textsc{URL:} \url{ https://docs.uniswap.org/}}
 }
 
 @article{uniswap_pool,
  author={Uniswap Pool Concept},
 note= {\textsc{URL:} \url{https://docs.uniswap.org/protocol/V2/concepts/core-concepts/pools}}
 }

@article{uniswap_swap,
  author={Uniswap Swap Concept},
 note= {\textsc{URL:} \url{https://docs.uniswap.org/protocol/V2/concepts/core-concepts/swaps}}
 }
  
  @article{React,
    author={React: A JavaScript library for building user interfaces},
 note= {\textsc{URL:} \url{https://reactjs.org/}}
 }
 
 @article{web3API,
   author={Web3.js Library Documentation},
 note= {\textsc{URL:} \url{https://web3js.readthedocs.io/en/v1.8.0/#}}
 }

 @article{ethereum_definizione,
   author={Ethereum Definition from Wikipedia},
 note= {\textsc{URL:} \url{https://ethereum.org/it/what-is-ethereum/}}
 }
 
 @article{crittografia_definizione,
  author={Cryptography Definition from Wikipedia},
 note= {\textsc{URL:} \url{https://it.wikipedia.org/wiki/Crittografia}}
 }
 
  @article{industria4.0,
    author={Industry 4.0 Definition from Wikipedia},
 note= {\textsc{URL:} \url{https://it.wikipedia.org/wiki/Industria_4.0}}
 }
 
   @article{IoT,
   author={IoT (Internet of Things) Definition from Wikipedia},
 note= {\textsc{URL:} \url{https://it.wikipedia.org/wiki/Internet_delle_cose}}
 }
 
 @article{IA,
  author={Artificial Intelligence (IA) Definition from Wikipedia},
 note= {\textsc{URL:} \url{https://it.wikipedia.org/wiki/Intelligenza_artificiale}}
 }
 
 @article{block_explorer,
 author={Block Explorer Definition from Binance Academy},
 note= {\textsc{URL:} \url{ https://academy.binance.com/en/glossary/block-explorer}}
 }
 
 @article{algoritmo_consenso,
 author={Consensus Algorithm Definition from Binance Academy},
 note= {\textsc{URL:} \url{https://academy.binance.com/it/articles/what-is-a-blockchain-consensus-algorithm}}
 }
 
 @article{TheMerge,
 author={The Merge: the Ethereum Mainnet Merging},
 note= {\textsc{URL:} \url{https://ethereum.org/en/upgrades/merge/}}
 }
 
 @article{Solidity_docs,
 author={Solidity Documentation},
 note= {\textsc{URL:} \url{https://docs.soliditylang.org/en/v0.8.17/}}
 }
 
 @article{Truffle_Suite,
 author={Truffle: The Development Framework for Ethereum},
 note= {\textsc{URL:} \url{ https://trufflesuite.com/truffle/}}}
 }
 
  @article{Truffle_migration,
  author={Truffle Migration from Truffle Documentation},
 note= {\textsc{URL:} \url{https://trufflesuite.com/docs/truffle/getting-started/running-migrations/#network-considerations}}}
 }
 

 
 @article{whitepaper_definizione,
   author={Whitepaper Definition from CoinTelegraph},
 note= {\textsc{URL:} \url{https://cointelegraph.com/ico-101/what-is-a-white-paper-and-how-to-write-it\%20}}
 }
 @article{NFT_definizione,
   author={NFT Definition from Investopedia},
 note= {\textsc{URL:} \url{https://www.investopedia.com/non-fungible-tokens-nft-5115211}}
 }
 
 @book{sistemi_distribuiti,
  title={"Sistemi distribuiti. Principi e paradigmi"},
  author={Tanenbaum and others},
  year={2007}
}

@article{DeFi_article,
 title={Decentralized Finance: On Blockchain- and Smart Contract-Based Financial Markets},
 author={Fabian Schär},
 year={2021},
 }

Fabian Schär, "Decentralized Finance: On Blockchain- and Smart Contract-Based Financial Markets," Federal Reserve Bank of St. Louis Review, Second Quarter 2021, pp. 153-74. https://doi.org/10.20955/r.103.153-74
 
 @INPROCEEDINGS{merkle_tree,
  author={Castellon, Cesar and Roy, Swapnoneel and Kreidl, Patrick and Dutta, Ayan and Bölöni, Ladislau},
  booktitle={2021 IEEE 20th International Conference on Trust, Security and Privacy in Computing and Communications (TrustCom)}, 
  title={Energy Efficient Merkle Trees for Blockchains}, 
  year={2021},
  volume={},
  number={},
  pages={1093-1099},
  doi={10.1109/TrustCom53373.2021.00149}}
  
  @Inbook{EthereumBook,
author="Dannen, Chris",
title="Introducing Ethereum and Solidity: Foundations of Cryptocurrency and Blockchain Programming for Beginners",
bookTitle="Solidity programming",
year="2017",
publisher="Apress",
address="Berkeley, CA",
abstract="Imagine you're on a beach in another country. You took a trip here on a whim and breezed past the currency exchange booth in the airport, figuring you could use your credit or debit card while visiting---no need for cash. In your rush, you forgot to bring sunglasses. A vendor walking along the beach has a pair that happen to be your style. In fact, they're better than the pairs you remember passing in the duty-free area of the airport. Alas, he doesn't have a credit card reader---just his Android phone---and you don't have any local currency. He gives you a little card with an e-mail address and a phone number, in case you'd like to buy the glasses later.",
isbn="978-1-4842-2535-6",
doi="10.1007/978-1-4842-2535-6_4",
url="https://doi.org/10.1007/978-1-4842-2535-6_4"
}
 
 
 